<record><leader>00000cas a22000007a 4500</leader><controlfield tag="001">15796852</controlfield><controlfield tag="008">870602d18941896inudn ne      0    0eng d</controlfield><datafield ind1=" " ind2=" " tag="010"><subfield code="a">sn 87056033 </subfield></datafield><datafield ind1=" " ind2=" " tag="040"><subfield code="a">NPI</subfield><subfield code="b">eng</subfield><subfield code="c">NPI</subfield><subfield code="d">OCLCQ</subfield></datafield><datafield ind1=" " ind2=" " tag="042"><subfield code="a">msc</subfield></datafield><datafield ind1="0" ind2=" " tag="130"><subfield code="a">Logansport reporter (Logansport, Ind. : Daily)</subfield></datafield><datafield ind1="1" ind2="0" tag="245"><subfield code="a">Logansport reporter.</subfield></datafield><datafield ind1=" " ind2=" " tag="260"><subfield code="a">[Logansport, Ind.] :</subfield><subfield code="b">J.E. Sutton,</subfield><subfield code="c">1894-1896.</subfield></datafield><datafield ind1=" " ind2=" " tag="310"><subfield code="a">Daily (except Sun.)</subfield></datafield><datafield ind1="0" ind2=" " tag="362"><subfield code="a">Vol. 10, no. 1 (Apr. 2, 1894)-v. 14, no. 25 (Apr. 29, 1896).</subfield></datafield><datafield ind1=" " ind2=" " tag="500"><subfield code="a">Issued also in a weekly edition.</subfield></datafield><datafield ind1=" " ind2=" " tag="500"><subfield code="a">Daily edition, &lt;Apr. 2, 1894&gt;.</subfield></datafield><datafield ind1=" " ind2=" " tag="752"><subfield code="a">United States</subfield><subfield code="b">Indiana</subfield><subfield code="c">Cass</subfield><subfield code="d">Logansport.</subfield></datafield><datafield ind1="0" ind2="0" tag="780"><subfield code="t">Logansport daily reporter (Logansport, Ind. : 1889)</subfield><subfield code="w">(DLC)sn 87056032</subfield></datafield><datafield ind1="0" ind2="0" tag="785"><subfield code="t">Logansport daily reporter (Logansport, Ind. : 1896)</subfield><subfield code="w">(DLC)sn 87056034</subfield></datafield></record>